4758 5906
1154 400 1187 459 ll

1062 490 1115 496 .-
1127 489 1276 496 ------

423 609 492 676 Der
514 610 620 675 Inhalt
654 610 712 675 der
733 610 878 698 Epistola
901 610 1106 675 Dedicatoria
1140 610 1206 675 und
1240 609 1297 674 der
1330 609 1448 675 darauf
1479 605 1629 693 fulgenda
1664 607 1827 696 poetische
1851 607 1995 674 Versuch
2019 608 2076 674 des

262 727 425 816 Cruquius
449 727 519 793 sind
543 727 593 792 l'iir
615 749 752 791 unseren
776 725 890 790 Zweck
914 725 1001 790 nicht
1024 725 1150 812 wichtig
1181 748 1300 812 genug,
1334 748 1389 788 um
1424 747 1488 788 von
1511 745 1623 788 neucm
1648 722 1847 809 abgedruckt
1871 747 1911 789 aa
1933 721 2076 806 werden3

266 845 317 910 die
341 841 485 932 Epistola
509 842 551 907 ad
575 843 742 908 Lectorem
768 841 866 907 lautet
890 839 1198 928 folgendermasseu:

992 1039 1041 1090 AD
1060 1037 1253 1089 LECTOREM
1988 1055 2014 1105 p.
2037 1042 2077 1091 16.

1027 1137 1221 1190 Bauiauvti.

422 1238 518 1304 Apud
573 1253 613 1288 me
642 1243 794 1298 statueram,
831 1235 912 1286 lectur
941 1235 1060 1297 candide,
1097 1234 1164 1286 nihil
1191 1233 1269 1298 qnam
1299 1234 1481 1282 annotationes
1519 1247 1576 1282 meo
1614 1248 1684 1282 more
1716 1233 1811 1282 cursim
1850 1236 1971 1299 perstriu-

260 1353 329 1404 gere‚
366 1354 419 1388 non
450 1339 528 1386 etiam
548 1335 747 1386 commentarios
777 1333 891 1384 scribere
921 1333 1074 1399 prolixiores
1104 1335 1131 1382 in
1160 1331 1280 1397 Eclogns,
1307 1346 1353 1380 seu
1384 1331 1476 1392 mauis,
1502 1329 1612 1394 Satyrus
1635 1331 1805 1392 Horatianas3
1843 1331 1873 1381 eb
1901 1331 1970 1398 qubd

260 1436 406 1486 Lambinus
424 1436 451 1485 in
471 1434 592 1486 edocedis
620 1432 651 1498 ijs
679 1433 790 1498 scriptis,
817 1433 892 1498 quasi
920 1433 1029 1481 acinace
1052 1445 1121 1494 rsus,
1149 1429 1244 1480 multos
1271 1428 1353 1478 nodos
1382 1426 1445 1478 mire
1464 1428 1604 1493 implicitos
1623 1428 1781 1491 dissecuerit,
1800 1431 1838 1479 ita
1857 1439 1886 1479 vt
1903 1446 1971 1481 snus

261 1551 308 1600 pro
326 1535 415 1585 multis
433 1535 497 1584 satis
516 1533 636 1584 omnibus
654 1547 710 1582 esse
728 1533 817 1596 possit.
854 1531 935 1596 Atqui
953 1531 1004 1579 viri
1022 1529 1129 1594 quidam
1149 1528 1302 1578 eruditionis
1323 1541 1375 1575 non
1388 1525 1528 1590 popularis,
1547 1527 1643 1591 quibus
1655 1533 1713 1576 ator
1726 1525 1899 1588 familiariter,
1918 1544 1971 1598 nou

261 1635 331 1699 passi
350 1649 408 1683 meo
436 1647 477 1682 me
504 1633 542 1682 vti
578 1632 685 1696 ingenio
712 1627 824 1694 fruique,
852 1630 981 1692 tantisper
1010 1625 1088 1676 finem
1116 1641 1169 1675 nou
1197 1626 1282 1674 secere
1301 1640 1342 1674 me
1360 1623 1523 1685 cohortandi,
1560 1623 1703 1690 crebraque
1731 1623 1753 1674 dc
1776 1623 1856 1674 ferme
1875 1627 1970 1691 quotti-

261 1730 340 1780 diana
367 1729 556 1795 elflagitations
583 1726 734 1789 lacessendi,
763 1726 824 1776 dum
849 1729 885 1775 eis
905 1722 981 1773 fidem
1010 1723 1099 1772 darem
1118 1722 1145 1773 id
1173 1722 1290 1772 futurum
1319 1723 1389 1787 quod
1427 1721 1563 1787 resapere
1591 1724 1812 1788 concupiscerent,
1841 1725 1919 1790 meq';
1943 1726 1969 1774 in

259 1829 466 1878 commentandis
485 1824 589 1892 Eclogis
617 1827 700 1875 nimiis
719 1827 804 1890 potius
824 1824 915 1890 longos
942 1820 1084 1872 allaturum
1104 1819 1186 1885 logos,
1214 1819 1293 1886 quim
1312 1825 1366 1871 tam
1392 1823 1459 1872 caris
1483 1822 1614 1886 capitibus
1642 1837 1695 1872 non
1723 1822 1969 1885 obsecundatumm,

260 1926 338 1974 etiam
357 1927 379 1974 si
403 1939 455 1978 non
480 1922 661 1972 addubitarem
691 1921 784 1972 multos
808 1937 839 1971 ea
867 1920 900 1970 de
927 1937 1007 1972 causa
1036 1920 1100 1970 mihi
1128 1920 1246 1968 inimicos
1265 1919 1413 1984 capiendos.
1451 1919 1544 1980 Quem·
1562 1918 1599 1968 illi
1619 1925 1716 1969 metum
1737 1917 1825 1984 (quam
1854 1921 1969 1986 ignauiae

261 2023 393 2088 quandam
422 2022 532 2072 sormam
560 2020 813 2086 interpretabantur)
841 2019 905 2069 mibi
932 2034 985 2068 non
1013 2016 1089 2068 modd
1117 2015 1236 2065 inutilem
1265 2017 1361 2080 aiebat,
1388 2007 1433 2066 sed
1453 2015 1616 2067 &studiosis
1641 2018 1762 2068 omnibus
1782 2020 1927 2083 improbum
1948 2017 1969 2068 dc

261 2120 408 2170 Horatiana
429 2120 539 2170 lectione
556 2117 732 2184 gaudentibus
754 2119 781 2166 in
803 2119 893 2182 primis
914 2115 1095 2176 inofficiosum,
1117 2114 1291 2179 ingratdq'ne,
1319 2119 1347 2164 vt
1360 2117 1406 2180 qui
1425 2132 1456 2166 ex
1476 2114 1535 2180 alijs
1556 2115 1659 2180 scriptis
1682 2115 1734 2164 isus
1756 2131 1839 2182 nuper
1861 2115 1969 2181 euulga-

1821 2217 1862 2278 tie,

1725 2369 2074 2381 ———-——-—-——.

258 2459 299 2520 tis,
317 2473 363 2522 spe
376 2463 487 2522 accepta
506 2457 607 2508 meliori
625 2473 681 2508 sese
699 2457 836 2507 frustratos
856 2453 924 2506 male
942 2453 1068 2506 dolerent.
1106 2453 1208 2503 Deinde
1228 2452 1270 2502 vel
1294 2469 1341 2504 sno
1360 2469 1457 2520 magno
1477 2454 1545 2504 mulo
1564 2453 1583 2519 ij
1601 2454 1712 2520 spodere
1731 2473 1783 2506 non
1801 2457 1969 2522 refugiebant
1987 2475 2011 2524 p.
2032 2464 2073 2514 l'i.

259 2554 315 2604 fore
334 2557 473 2616 neminem,
492 2556 542 2606 nisi
561 2557 651 2620 nigros
670 2554 709 2618 (vt
728 2555 876 2604 Horatiano
894 2553 976 2602 verbu
993 2553 1109 2618 utamur)
1128 2552 1253 2616 quosdam
1269 2551 1394 2616 homines,
1413 2553 1458 2616 qui
1472 2551 1606 2618 praeclaris
1626 2553 1665 2602 bis
1684 2555 1821 2604 conatibus
1841 2557 1967 2620 ogganni-

259 2659 312 2714 unt,
332 2668 442 2717 quorum
461 2651 653 2702 blateramenta
680 2651 851 2718 susarrdsque
871 2653 939 2700 bruti
958 2649 1064 2700 omnino
1083 2665 1124 2699 me
1142 2649 1228 2699 iacere
1257 2649 1452 2708 consuluerunt,
1471 2652 1563 2715 quanti
1583 2650 1691 2700 culicem
1717 2651 1871 2717 elephantus
1899 2651 1968 2702 Iadi-

260 2765 321 2800 cus:
340 2752 409 2801 viros
428 2756 516 2800 autem
536 2751 664 2801 bonosio
683 2766 742 2800 eam
763 2748 870 2816 grauida
889 2751 1032 2814 insurgere,
1060 2747 1147 2814 dquo
1166 2763 1300 2812 nunquam
1321 2749 1405 2796 notati
1424 2747 1503 2808 luere,
1531 2747 1625 2797 nedum
1646 2747 1709 2806 laesi,
1737 2759 1792 2798 tam
1812 2749 1866 2800 lieri
1886 2766 1968 2815 posse,

260 2847 339 2912 qudm
359 2845 430 2896 reete
448 2863 556 2897 cancros
575 2847 677 2912 ingredi
697 2848 736 2912 (vt
754 2848 854 2912 fertur).
883 2845 1016 2897 Postremb
1036 2848 1110 2896 varia
1128 2846 1263 2896 hominum
1282 2861 1337 2894 esse
1356 2845 1470 2910 ingenia,
1494 2845 1629 2896 aliusnon
1649 2847 1699 2896 nisi
1724 2847 1817 2898 breuia
1841 2850 1967 2916 iuterpre-

258 2945 333 2994 tandi
362 2942 523 3010 ‹lucendique
542 2945 697 3010 compendia
716 2961 841 3003 recreare,
860 2953 889 2994 vt
907 2945 952 3010 qui
971 2960 1002 2994 ex
1017 2945 1149 3010 unguibus
1168 2943 1207 3010 (vt
1226 2945 1311 3010 aiunt)
1329 2942 1408 2994 facile
1424 2943 1525 2994 leonem
1545 2943 1699 3012 conijciant;
1734 2945 1799 2996 alios
1828 2947 1967 2999 dilucidam

260 3039 346 3107 plane,
364 3041 387 3092 dn
405 3044 522 3092 numeris
541 3043 662 3092 omnibus
681 3041 810 3102 absoluta,
828 3047 910 3108 atque
940 3041 1006 3092 adeb
1034 3045 1162 3093 curiosam
1193 3040 1252 3092 edm
1272 3043 1418 3104 verborum,
1448 3048 1504 3091 tum
1532 3057 1618 3092 reram
1651 3045 1899 3111 sententiarumque
1926 3046 1966 3096 tle·

257 3137 429 3189 clarationem
460 3141 599 3204 requirere,
635 3145 664 3188 vt
691 3139 786 3204 quibus
826 3155 873 3204 per
900 3141 1087 3204 occupationes
1115 3142 1268 3205 negociosas
1296 3155 1348 3190 nou
1376 3156 1477 3206 semper
1509 3145 1549 3190 est
1577 3141 1695 3202 liberum,
1734 3144 1784 3192 nisi
1821 3147 1969 3209 παριργῶς,

258 3237 374 3286 obscuris
410 3244 548 3288 auctorum
585 3237 740 3288 lectionibus
777 3239 935 3290 incumbere.
1008 3238 1110 3300 Quibus
1153 3236 1217 3288 sane
1254 3237 1352 3302 publici
1372 3238 1501 3288 commodi
1548 3241 1653 3289 nomine
1699 3237 1799 3289 sincere
1845 3241 1968 3292 monebit

258 3337 340 3385 satius
367 3351 422 3385 esse
450 3353 555 3401 operam
584 3337 655 3400 dare,
691 3337 849 3403 singulique
878 3339 905 3387 in
933 3337 1094 3386 enucleando
1132 3341 1239 3386 anctore
1275 3336 1365 3401 aliquo
1391 3338 1518 3402 persequi,
1553 3336 1632 3402 qudm
1661 3336 1693 3400 ijs
1720 3339 1765 3402 qui
1793 3355 1824 3388 err
1853 3340 1969 3405 professo

259 3433 344 3480 ocium
373 3430 502 3482 litteraris
538 3435 589 3484 sibi
626 3436 702 3500 quasi
731 3437 864 3500 proprium
902 3435 1027 3497 iecerunt,
1064 3435 1160 3500 quibus
1196 3433 1266 3484 certe
1304 3434 1461 3499 πολυλογῶς
1489 3435 1589 3500 aliquid
1623 3451 1747 3486 enarrare
1765 3439 1834 3487 tanti
1862 3445 1908 3498 est,
1936 3455 1967 3490 uc

259 3528 358 3580 Orestis
386 3531 467 3580 vitam
499 3532 653 3586 describere.
712 3533 760 3582 His
798 3533 886 3597 itaque
923 3533 1087 3598 argumentis
1124 3533 1163 3596 (vt
1199 3531 1344 3582 laconismo
1380 3533 1496 3598 stamar)
1533 3547 1679 3598 persuasus,
1716 3551 1768 3584 non
1804 3537 1877 3600 potui
1913 3541 1967 3586 tam

1811 3635 1902 3683 amicis

258 3827 349 3876 amicis
374 3826 445 3888 viris,
473 3824 557 3891 deque
581 3828 655 3878 nobis
674 3829 771 3896 optime
791 3831 896 3892 meritis,
923 3829 1029 3879 undem
1048 3843 1145 3878 morem
1173 3843 1226 3878 noa
1254 3843 1358 3894 gerere;
1385 3825 1557 3894 plnribdsque
1588 3829 1701 3894 coplecti
1728 3832 1756 3880 in
1793 3831 1833 3880 his
1860 3831 1966 3898 Eclogis
1984 3850 2010 3900 p,
2033 3837 2072 3891 tu.

258 3923 351 3988 multa,
371 3939 431 3989 qnae
454 3925 518 3974 mihi
537 3931 630 3976 auctor
649 3929 720 3978 visus
740 3935 779 3979 eat
798 3928 1021 3990 describerent
1040 3941 1071 3976 sa
1099 3927 1165 3976 scire
1192 3927 1321 3975 neminem
1351 3925 1461 3976 multum
1481 3929 1649 3993 concupierit,
1668 3929 1765 3980 nedum
1790 3931 1967 3996 interpretari,

257 4027 353 4093 praeter
373 4039 424 4086 eos,
443 4024 538 4089 quibus
556 4039 631 4073 suam
651 4031 737 4076 menti
756 4026 955 4092 sententiamq'3
990 4041 1042 4074 non
1062 4023 1204 4088 ignorabat
1222 4020 1304 4088 probe
1323 4038 1378 4074 essa
1396 4025 1511 4089 cognita,
1530 4023 1597 4075 aded
1616 4031 1644 4076 vt
1671 4027 1704 4076 de
1731 4043 1761 4078 eo
1789 4045 1842 4078 nou
1869 4029 1966 4080 temere

257 4120 361 4170 Persius
372 4121 470 4185 scripto
489 4119 643 4174 tradiderit:
663 4121 747 4173 Omne
760 4123 833 4172 vafer
844 4125 938 4172 vitium
958 4121 1052 4172 ridenti
1071 4120 1183 4170 Flaccus
1202 4122 1286 4170 amico
1304 4119 1411 4186 Tangit,
1429 4119 1451 4170 dr
1469 4121 1597 4173 admissus
1615 4125 1713 4176 circum
1733 4127 1878 4191 praecordia
1901 4127 1967 4177 ludit

258 4216 374 4268 Callidus
392 4233 499 4270 excussu
519 4219 644 4285 populum
663 4219 821 4285 suspendere
839 4235 911 4269 naso.
950 4218 1009 4280 Qua
1028 4217 1060 4268 de
1088 4233 1168 4268 musa
1187 4219 1299 4283 optarim
1318 4233 1371 4268 nou
1399 4233 1492 4284 parum
1520 4220 1602 4274 bonos
1630 4225 1728 4274 omneis
1757 4241 1841 4274 meam
1860 4226 1967 4277 sortasse

259 4315 343 4380 potius
362 4317 529 4380 obiecturum,
557 4333 637 4382 quam
665 4315 771 4369 omniub
799 4311 888 4367 aeram
918 4316 1119 4383 explicationem
1147 4317 1211 4366 mibi
1238 4318 1371 4382 patienter
1398 4317 1503 4380 donare,
1522 4320 1600 4384 quam
1619 4322 1732 4388 strophis
1751 4322 1864 4388 obliquis
1882 4322 1968 4376 acrida

258 4414 393 4478 incessere,
428 4420 457 4464 rt
493 4429 570 4480 quem
608 4417 634 4464 in
671 4418 748 4466 meris
785 4417 899 4466 tenebris
935 4414 1116 4466 hallucinante
1152 4431 1206 4466 non
1242 4417 1415 4466 inhumanum
1450 4417 1548 4468 iudicet
1584 4425 1737 4483 exporrecta
1765 4435 1847 4470 manu
1874 4423 1901 4472 in
1929 4421 1967 4472 lu-

258 4527 313 4561 cem
345 4511 464 4566 educere.
517 4513 575 4564 Nou
603 4529 634 4563 eo
662 4512 770 4574 inficias,
806 4513 958 4564 Tumebum
987 4514 1091 4580 quidem
1119 4512 1233 4580 plurima
1269 4516 1297 4564 in
1324 4514 1374 4566 boc
1405 4521 1513 4566 auctore
1544 4517 1684 4568 disissimia
1721 4517 1825 4568 obtecta
1853 4520 1967 4570 tenebris

205 4609 209 4618 '
257 4608 414 4674 discussisse,
449 4607 648 4676 illucidassdq;:
684 4609 842 4660 Lambiuum
879 4609 942 4660 verb
979 4611 1132 4674 iustissimis,
1169 4610 1243 4680 ijsq';
1272 4611 1426 4664 doctissimis
1463 4613 1693 4678 enarrationibus,
1730 4613 1812 4665 multo
1849 4615 1968 4682 pluribus

257 4711 359 4757 tantum
397 4724 450 4759 non
485 4708 626 4774 deploratis
662 4710 745 4759 vitam
781 4710 923 4775 quamdam
960 4711 1103 4760 restituisse
1140 4709 1211 4776 (nam
1247 4710 1280 4760 de
1317 4709 1400 4761 Badio
1436 4710 1460 4761 dr
1496 4711 1617 4762 Laudine
1655 4717 1689 4762 nir
1728 4713 1789 4764 licet
1820 4729 1872 4764 non
1901 4714 1967 4765 bene

255 4805 353 4854 sentire
383 4805 416 4854 de
443 4806 496 4855 suis
524 4806 551 4854 in
571 4803 711 4854 Horatium
731 4807 960 4872 interpretametis,
988 4813 1016 4858 vt
1039 4821 1151 4872 quorum
1179 4823 1243 4872 erga
1261 4807 1390 4858 studiosos
1417 4808 1521 4873 quidem
1542 4809 1739 4877 benignitatem,
1767 4813 1794 4862 in
1822 4827 1876 4862 rem
1905 4811 1967 4862 verb

256 4903 411 4954 litterariam
448 4904 529 4953 animi
569 4903 783 4968 promtitndiuem
811 4903 994 4954 commendare
1030 4903 1088 4968 plus
1115 4909 1155 4954 est
1191 4903 1270 4969 quim
1298 4907 1424 4972 aequum.)
1461 4907 1550 4969 Quare
1577 4909 1600 4958 si
1637 4905 1667 4972 ijs
1704 4913 1839 4975 tamquam
1876 4913 1967 4960 aucta·

1799 4996 1867 5030 rrum

1754 5137 1786 5191 2*
