4758 5906
1208 347 1248 410 12

318 577 342 628 p.
364 563 405 613 19.
425 563 492 610 rium
512 561 643 622 accedam,
663 565 692 610 rt
709 560 741 625 ijs
760 565 865 626 gratum
884 560 987 622 faciam,
1007 563 1052 626 qui
1072 560 1189 627 legendis
1208 563 1361 613 Horatianis
1380 565 1553 614 monumentis
1571 564 1731 628 praecipuam
1750 561 1800 612 sibi
1812 561 1974 626 voluptatem
1993 563 2158 626 reponunt,

424 657 538 708 arbitror
555 663 610 707 tam
630 657 698 708 malo
717 655 868 722 infelicique
896 659 974 722 genio
993 664 1084 707 natura
1111 662 1249 724 neminem,
1274 661 1320 725 qui
1348 659 1413 710 mihi
1431 659 1458 710 id
1484 665 1530 710 aut
1558 659 1728 724 impudentiae
1755 661 1870 717 verterit,
1898 663 1945 708 aut
1973 659 2159 719 temeritati3

425 756 530 822 quando
547 757 585 806 ita
605 761 701 806 natura
720 759 900 821 comparatum
920 760 967 816 cst,
991 760 1019 804 vt
1037 751 1136 805 omneis
1155 755 1243 822 libere,
1270 760 1292 808 si
1319 774 1372 809 non
1400 757 1535 822 maliciose,
1563 759 1634 824 quod
1652 757 1776 816 sentiunt,
1800 755 1828 803 in
1846 753 1961 804 medium
1989 753 2154 820 proferant.

425 854 501 916 Quod
521 851 581 902 crim
600 855 638 903 ita
657 855 698 916 sit,
718 869 803 902 meam
822 855 1043 903 comentationem
1063 853 1152 904 multis
1183 857 1209 905 in
1235 855 1296 906 locis
1325 858 1359 907 ab
1387 855 1446 920 alijs
1474 856 1659 922 interpretibus
1687 854 1864 914 dissentiente,
1892 851 1974 901 lector
2005 849 2157 901 candidus

425 947 538 1016 benigne
557 949 674 1000 consulet
694 949 732 1015 (vt
751 955 853 999 taceam
873 952 900 1000 in
918 955 1042 1000 contextu
1060 953 1175 1001 auctoris
1193 955 1267 1002 veria
1286 955 1474 1004 restitutionem
1509 953 1544 1003 ab
1563 951 1622 1016 alijs
1649 959 1697 1002 aut
1723 952 1807 1002 obiter
1835 953 1976 1016 praeterita,
2008 955 2058 1000 aut
2092 966 2158 1008 uon

424 1047 648 1112 animaduersam)
668 1049 732 1097 satis
751 1049 845 1113 gratim
864 1050 927 1098 meis
945 1048 1084 1099 sudoribus
1104 1048 1287 1116 beneflcijq'ne
1305 1053 1473 1116 repositurus,
1492 1051 1514 1099 si
1545 1050 1580 1100 ab
1599 1049 1746 1100 inuidorum
1776 1048 2013 1098 obtrectationibus
2040 1063 2159 1098 nomen

426 1159 513 1194 meum
533 1145 664 1210 integrum
683 1145 759 1193 sistat
778 1143 853 1194 bouis
872 1145 1001 1197 omnibus.
1038 1144 1112 1200 Vale.

385 1243 478 1323 Text,
503 1239 743 1305 Commentator
765 1239 832 1304 und
846 1238 1051 1305 Commentar
1075 1241 1146 1305 sind
1170 1244 1202 1306 iu
1226 1242 1283 1307 der
1307 1243 1617 1330 Gesammtausgabe
1640 1244 1697 1306 mit
1719 1243 1762 1306 im
1786 1240 2008 1328 Allgemeinen
2033 1263 2157 1308 unwe-

319 1356 492 1422 sentlichen
502 1353 777 1440 Veriinderungen
798 1353 1005 1442 abgedruclct.
1022 1355 1120 1420 Diese
1148 1357 1302 1422 betreffen
1317 1359 1472 1424 auniichst
1485 1359 1567 1424 anch
1575 1358 1642 1422 hier
1655 1356 1706 1420 die
1715 1356 1952 1445 Orthographie
1965 1356 2155 1423 undlnter·

318 1471 484 1560 punktion,
507 1471 606 1536 werin
630 1467 790 1555 Cruquius
822 1492 863 1535 zu
874 1472 1121 1538 vcrsclriedenen
1145 1473 1255 1540 Zeiten
1278 1474 1525 1540 verschiedenen
1542 1471 1767 1538 Grundstitzen
1791 1471 1915 1558 gesolgt
1931 1473 1981 1552 ist,
1997 1470 2062 1535 und
2079 1471 2153 1554 dic,

318 1610 409 1652 wenn
432 1585 490 1651 das
514 1585 600 1650 nicht
623 1583 847 1650 ausdriicklich
871 1591 1059 1675 angegeben
1082 1592 1131 1676 ist,
1156 1589 1242 1654 nicht
1258 1601 1340 1654 etwa
1355 1589 1415 1654 auf
1425 1588 1675 1654 Handschriften
1697 1587 1855 1668 beruhen3
1874 1588 1925 1650 ein
1947 1584 2083 1650 Schluss
2104 1608 2153 1650 cx

318 1703 442 1768 silentio
467 1705 507 1767 ist
531 1703 581 1766 hei
595 1699 753 1788 Cruquius
766 1703 897 1766 niemals
921 1715 1081 1790 gestattet.
1121 1705 1166 1768 Er
1182 1705 1319 1770 schreibt
1333 1729 1358 1769 z.
1370 1705 1406 1768 B.
1420 1728 1447 1768 a.
1461 1705 1516 1768 73:
1539 1703 1692 1786 toedium,
1709 1703 1824 1788 foetuS,
1837 1701 1986 1786 foemina,
2010 1723 2150 1786 coecus,

318 1831 469 1899 moestus,
493 1818 616 1882 eaelum
640 1816 735 1904 (auch
752 1817 898 1900 coelum),
914 1817 1242 1906 Aesquiliae,scaena,
1259 1821 1373 1904 ocium,
1386 1819 1933 1907 negocinm‚conditio,pernitiosum
1944 1817 2149 1902 adiectitius,

319 1957 418 2021 quum
436 1933 529 2018 (auch
545 1936 639 2016 cum),
663 1944 828 2020 sequutus,
845 1933 1007 2020 loquutus,
1021 1935 1202 2024 eclipsis-
1218 1960 1246 2000 a.
1264 1937 1322 2000 78:
1346 1934 1497 2019 taedium,
1509 1935 1603 2020 fetus,
1616 1933 1742 2019 femina,
1770 1954 1893 2016 caecus,
1904 1943 2055 2012 maestus,
2070 1955 2149 1996 coe·

318 2048 395 2134 lum,
407 2048 580 2135 Esquiliae,
589 2071 692 2133 scena,
702 2049 811 2133 otium,
824 2052 997 2135 negotium,
1010 2051 1597 2140 condicio,perniciosae,adiecticium,
1613 2073 1695 2127 cum,
1704 2060 1842 2134 secutus,
1854 2047 1990 2132 locutus,
2007 2047 2147 2136 ellipsis.

318 2163 381 2228 Die
394 2163 654 2229 Ueberschriften
670 2162 726 2227 der
735 2165 898 2230 einzelnen
919 2163 1055 2231 Satiren:
1068 2168 1231 2252 Tantalon,
1249 2168 1455 2257 Cupiennius,
1467 2166 1622 2252 Tigellius
1635 2189 1664 2229 u.
1677 2188 1699 2229 s.
1708 2189 1744 2230 w.
1760 2164 1866 2229 fehlen
1878 2188 1907 2228 a.
1921 2165 1972 2228 73.
1985 2204 2029 2212 —
2039 2185 2068 2227 a.
2082 2163 2146 2227 73:

320 2279 435 2368 Satyra
448 2279 474 2364 Ι,
487 2277 602 2367 Satyra
614 2279 657 2363 H,
674 2279 788 2367 Satyra
802 2279 851 2344 III
864 2303 896 2344 ιι.
913 2303 936 2345 s.
952 2305 1002 2366 aa,
1026 2306 1052 2346 a.
1069 2284 1125 2348 78:
1148 2283 1428 2370 arrogatur-111
1443 2307 1474 2348 ιι.
1492 2306 1563 2347 sw.
1588 2281 1698 2367 Vergl.
1710 2278 2061 2345 Ad.Ben.Lect.S.648
2082 2279 2146 2343 der

319 2397 474 2482 Ausgabe
483 2421 546 2463 von
557 2398 658 2462 1578:
675 2397 795 2461 Verum
807 2409 842 2462 ut
854 2399 994 2486 pressius
1010 2397 1172 2484 aliquanto
1186 2397 1226 2462 de
1237 2398 1367 2485 Eclogis
1383 2421 1527 2486 agamus,
1540 2399 1581 2463 de
1598 2399 1714 2485 quibus
1726 2419 1811 2460 nunc
1823 2419 1887 2460 non
1899 2397 2027 2462 omnino
2040 2397 2099 2482 sio,
2108 2407 2146 2460 ut

320 2513 539 2595 olim,se11siin
553 2515 750 2577 enarratione
762 2511 922 2601 SatyraeI
934 2512 987 2576 lib.
996 2513 1087 2578 l.ubi
1100 2537 1140 2577 cx
1153 2514 1290 2601 antiquis
1304 2515 1428 2602 scriptis
1441 2537 1505 2579 non
1514 2513 1647 2602 Satyrae
1661 2512 1793 2597 singulis
1802 2510 2145 2600 poematiis,sedEclo·

319 2651 381 2714 gae
392 2627 937 2714 nomeninscribendnmindicaui,a
950 2653 1014 2716 qna
1023 2631 1195 2694 etiamnum
1204 2629 1358 2693 sententia
1366 2627 1459 2694 video
1473 2652 1537 2694 non
1545 2627 2021 2694 abhorrereFulviumUrsinum
2034 2629 2144 2693 virum

320 2747 469 2832 inprimis
486 2744 615 2817 doctum
627 2746 660 2808 in
671 2745 806 2832 Virgilio
824 2768 882 2810 suo
895 2745 1062 2810 illustrato.
1076 2744 1177 2832 Atqui
1186 2743 1314 2831 quando
1328 2745 1413 2810 viros
1438 2744 1637 2812 doctissimos
1660 2746 1693 2810 id
1716 2747 1851 2811 nominis
1874 2768 1938 2810 non
1950 2748 2053 2810 minus
2066 2745 2143 2810 odis

321 2885 417 2948 qnam
430 2861 553 2948 Satyris
570 2860 688 2926 donare
704 2863 789 2946 noni,
802 2861 842 2926 de
855 2862 1010 2926 sententia
1026 2883 1098 2926 mea
1113 2884 1226 2948 parum
1242 2883 1372 2926 securus
1397 2863 1492 2925 animi
1508 2861 1548 2926 ad
1566 2864 1683 2949 scripta
1706 2862 1801 2928 redeo
1819 2885 1902 2949 quae
1918 2861 2022 2927 adhuc
2037 2885 2142 2950 penes

321 3001 372 3042 me
388 2989 471 3060 sunt,
481 2989 511 3041 et
524 2977 648 3064 singula
663 2977 757 3043 solito
770 2977 954 3064 diligentius
967 2989 1183 3064 perscrutatus
1197 2976 1314 3042 offendi
1329 2981 1376 3059 (ut
1389 2979 1570 3043 coniectura
1579 2983 1638 3061 est)
1650 3001 1713 3065 qua
1730 3001 1826 3042 causa
1838 2976 1960 3066 Satyris
1976 2977 2140 3064 rtEcloga

321 3094 415 3158 sitin
440 3095 565 3180 scriptis
588 3093 776 3182 praefixum,
799 3095 956 3178 nimirum,
991 3105 1027 3158 ut
1062 3096 1102 3157 sit
1125 3093 1284 3180 quaedam
1307 3094 1399 3180 quasi
1422 3095 1542 3159 notatio
1567 3094 1800 3181 poematiornm
1823 3096 1904 3158 inter
1927 3115 1977 3158 se:
2001 3096 2034 3157 in
2073 3117 2141 3180 qua

321 3208 523 3273 denotatione
545 3208 681 3295 Virgilio
706 3232 835 3296 quoque
857 3210 889 3272 in
912 3209 1071 3273 Bucolicis
1096 3219 1169 3274 sunt
1192 3209 1334 3298 Tityrus,
1357 3207 1480 3295 Alexis,
1504 3209 1617 3295 Pollio,
1648 3209 1774 3275 Silenus
1799 3223 1857 3274 etc.
1894 3233 1935 3273 ex
1958 3209 2139 3275 Theocrito.

321 3324 362 3388 ad
379 3347 451 3390 eum
474 3339 558 3391 certe
581 3324 713 3389 modum
736 3325 862 3413 repperi
877 3325 910 3388 in
934 3326 1059 3412 scriptis
1074 3325 1239 3408 Tantalus,
1249 3323 1455 3412 Cupiennius,
1477 3325 1633 3411 Tigellius
1657 3337 1715 3390 etc.
1741 3337 1772 3390 et
1795 3325 1874 3390 haec
1909 3326 1941 3390 in
1976 3326 2141 3413 plerisque

320 3465 384 3506 non
401 3465 458 3529 per
473 3464 517 3525 se,
541 3440 598 3506 sed
614 3463 686 3505 cnm
709 3441 977 3528 interpretatione,
1000 3439 1165 3525 Tantalus,
1189 3440 1221 3504 id
1247 3451 1304 3524 est,
1329 3440 1468 3506 habendi
1485 3441 1629 3529 cupidus.
1652 3441 1817 3527 Tigellius,
1841 3441 1874 3507 id
1898 3454 1955 3527 est,
1987 3443 2047 3506 sibi
2071 3443 2139 3530 pla-

322 3579 404 3622 cens.
451 3554 659 3644 Cupiennius,
691 3556 797 3640 idest,
822 3555 954 3622 adulter.
1000 3555 1081 3620 Item
1104 3555 1157 3620 lib.
1182 3557 1212 3620 2.
1235 3556 1368 3640 Hortus,
1392 3555 1425 3619 id
1449 3569 1507 3642 est,
1532 3559 1623 3644 quies
1652 3559 1796 3644 agrestis.
1844 3557 1988 3646 Ulysses,
2022 3559 2139 3642 idest,

321 3672 522 3737 haereditatis
547 3685 700 3762 captator.
747 3673 871 3758 Dauno,
896 3672 929 3737 id
949 3684 1006 3756 cst,
1029 3671 1160 3737 libertas
1177 3674 1299 3737 servilis
1317 3685 1374 3738 etc.
1420 3673 1458 3736 In
1474 3673 1626 3761 Epistolis
1642 3683 1747 3738 autem
1763 3674 1840 3738 nihil
1856 3674 1920 3739 tale
1932 3673 2139 3762 deprehendi,

324 3811 360 3853 ea
384 3789 517 3853 l’ortassc
541 3788 582 3854 de
605 3812 701 3854 cansa
725 3788 812 3876 quod
836 3789 999 3877 Epistolae
1026 3787 1156 3875 quidem
1180 3789 1367 3876 singulares,
1392 3787 1579 3876 Satyrorum
1603 3813 1679 3855 vero
1715 3813 1882 3856 commune
1916 3793 1956 3855 sit
1991 3792 2139 3855 omnibus

321 3917 553 3991 argumentum.
600 3904 645 3970 At
668 3928 731 3970 non
754 3905 873 3970 infitior
895 3919 1002 3969 tamen
1025 3907 1057 3968 in
1081 3904 1205 3969 Horatii
1230 3907 1294 3969 vita
1317 3905 1371 3969 lib.
1395 3905 1425 3972 2.
1450 3905 1617 3992 epistolam
1648 3905 1676 3971 1.
1700 3909 1877 3994 nuncupari
1891 3905 2057 3992 Eclogam,
2081 3904 2139 3970 sed

321 4021 382 4085 hoc
405 4019 516 4084 demus
541 4023 638 4086 errori
661 4021 793 4085 alicuius
817 4021 915 4085 scioli.
941 4019 993 4085 Ob
1017 4020 1098 4084 hanc
1122 4032 1205 4086 certe
1229 4043 1358 4085 cansam
1382 4020 1458 4084 mihi
1481 4021 1659 4108 persuadeo
1684 4025 1768 4087 viros
1803 4022 1914 4087 doctos
1944 4033 2139 4086 enarratores

320 4137 447 4201 Horatii
471 4135 676 4202 Sermonibus
702 4137 839 4223 Eclogas
863 4137 970 4224 potius
995 4136 1204 4224 adscripsisse
1228 4159 1324 4223 quam
1349 4135 1439 4202 Odia.
1484 4135 1528 4202 At
1552 4139 1578 4200 si
1602 4149 1709 4202 tamen
1733 4161 1806 4203 cum
1828 4136 1984 4220 Ausonio,
2008 4136 2138 4202 Sidonio

321 4251 500 4340 Apollinari
524 4265 555 4317 et
577 4254 714 4339 antiquis
729 4252 969 4317 Commentariis
983 4252 1073 4318 Odas
1086 4274 1214 4339 quoque
1226 4251 1363 4338 Eclogas
1381 4274 1450 4316 esse
1463 4251 1683 4338 concedamus,
1707 4277 1771 4317 non
1787 4255 1988 4340 ineptiemus,
2013 4256 2139 4341 opinor:

322 4392 396 4432 nam
409 4369 440 4432 in
462 4369 676 4433 vetustissimo
700 4368 871 4434 Blandinio
896 4368 937 4432 ad
950 4365 1043 4433 Oden
1066 4369 1200 4456 primam
1223 4367 1277 4431 lib.
1303 4369 1331 4431 1.
1356 4367 1435 4432 haec
1446 4369 1605 4458 adscripta
1628 4369 1703 4456 legi,
1727 4369 1848 4456 Ecloga
1873 4369 1923 4434 hic
1946 4393 2010 4435 non
2034 4381 2081 4434 est
2104 4381 2139 4435 nt

323 4481 411 4571 apud
435 4483 621 4572 Virgilium;
649 4508 723 4550 nam
745 4484 874 4571 Virgilii
896 4483 1018 4571 Ecloga
1042 4484 1264 4550 Bucolicorum
1290 4495 1337 4548 est
1365 4497 1423 4549 etc.

486 4599 535 4664 Im
560 4598 763 4666 Commentar
799 4601 855 4665 hat
879 4599 1039 4687 Cruquius
1074 4598 1228 4665 vonSat.
1252 4600 1406 4684 l.1,108
1430 4623 1472 4665 an
1498 4602 1583 4666 1578
1608 4601 1659 4666 die
1683 4599 1935 4687 Anmerknngen
1961 4601 2018 4666 des
2041 4603 2139 4666 Henr.

323 4714 504 4804 Stephanus
528 4715 784 4803 heriicksichtigt.
832 4717 880 4781 lm
905 4717 1069 4804 Uebrigen
1091 4717 1146 4780 ist'
1163 4739 1204 4780 zu
1239 4716 1419 4801 bemerken,
1455 4716 1530 4781 dass
1565 4719 1598 4781 in
1632 4716 1735 4781 dieser
1759 4715 1914 4803 Ausgabe
1948 4728 2054 4782 zucrst
2089 4715 2139 4782 die

322 4831 424 4896 Verse
449 4831 505 4896 der
529 4831 689 4898 einzelnen
715 4832 872 4898 Gedichte
896 4833 1099 4897 nummeriert
1123 4831 1195 4896 sind
1218 4831 1285 4896 und
1309 4832 1361 4897 die
1376 4832 1724 4920 Anfangsbuchstaben
1749 4833 1805 4899 der
1817 4834 1982 4900 Lemmata
2005 4833 2140 4897 vielfach

322 4946 409 5012 klein
433 4946 640 5036 geschrieben
665 4948 801 5013 werden.
