4758 5906
1257 370 1276 432 8

1161 462 1374 471 —n—-n-n

357 597 384 647 p.
407 585 446 636 ta.
465 581 545 646 tbque
563 581 659 632 iudicio
684 582 748 632 odas
766 583 801 632 ab
820 583 875 632 odis
893 599 1053 650 segregasse.
1090 585 1171 650 Atqui
1189 592 1278 636 tamen
1306 601 1359 638 uon
1378 585 1489 652 legimus
1507 584 1535 632 in
1554 583 1734 634 hisclassibue
1759 584 1849 650 aliqua
1875 583 1953 634 huius
1971 583 2032 634 libri
2050 587 2182 647 carmina,

463 687 511 730 aut
528 660 666 734 contineri.
693 685 739 730 aut
767 680 818 732 illis
844 684 1027 735 annumerari:
1045 683 1116 748 quod
1135 683 1250 749 prefecto
1268 684 1303 734 ab
1322 684 1374 735 illis
1392 683 1455 732 siris
1473 683 1572 732 lactum
1590 681 1688 744 fuisset,
1707 684 1737 742 si,
1756 679 1816 732 eam
1834 681 1874 731 illi
1892 683 1929 731 rei
1949 698 2054 748 operam
2075 681 2179 748 darent,

463 783 510 828 arat
528 779 637 828 mirarum
657 795 750 830 uomeu
769 782 796 830 in
816 780 865 831 hoc
883 780 950 830 libro
969 784 1145 847 agnoaiseent,
1172 789 1220 832 aut
1246 783 1279 832 ‹le
1298 781 1388 848 epodis
1406 796 1459 831 uon
1490 781 1593 840 rectius,
1621 778 1699 845 qubm
1730 795 1785 838 uos.
1815 781 1965 845 sensissent;
1998 785 2027 830 vt
2057 783 2177 832 omittam

463 876 553 941 aliqua
567 877 644 927 huius
657 877 715 926 libri
729 879 887 939 carminatis}
900 879 952 928 inra
966 878 1043 928 dictis
1055 880 1188 930 codicibus
1199 881 1313 930 inueniri
1327 884 1427 940 neutro,
1439 877 1481 927 vel
1492 879 1566 942 ᾠδῶν
1576 878 1618 928 vel
1631 879 1739 944 ἐπῳδῶν
1751 879 1878 943 insignita
1891 880 2003 938 nomine,
2015 877 2181 945 sedproprijs

463 975 517 1024 suis
535 975 685 1041 epigraphis
712 985 843 1042 separata,
871 975 940 1040 quod
968 979 994 1026 in
1023 977 1083 1028 libri
1111 979 1193 1043 ipsius
1220 979 1381 1044 expositione
1399 977 1644 1027 demonstrabimus.
1680 974 1762 1028 Porrb
1780 978 1803 1026 si
1821 976 1879 1042 quis
1897 975 1969 1026 dicat
1988 976 2035 1026 has
2054 979 2179 1042 rationes,

464 1088 586 1137 ansgisum
606 1075 710 1138 quidem
731 1075 786 1124 veri
804 1076 831 1123 in
849 1089 905 1124 sese
924 1073 1020 1124 habere
1038 1075 1243 1136 similitudinem,
1261 1075 1307 1125 sed
1326 1076 1455 1125 neminem
1475 1073 1505 1124 eb
1524 1089 1625 1137 eogere,
1654 1078 1683 1122 vt
1701 1073 1718 1122 b
1735 1089 1784 1124 sua
1801 1075 1931 1139 sententia
1949 1073 2078 1128 discedat:
2115 1075 2178 1126 huie

463 1187 510 1220 nos
529 1174 724 1236 opposuerimus
743 1178 926 1238 argumentum
945 1171 1025 1230 uliud,
1043 1178 1098 1222 tam
1117 1173 1242 1231 validum,
1261 1178 1290 1222 vt
1308 1191 1361 1225 non
1379 1171 1515 1236 seutentije
1533 1173 1649 1223 omnium
1669 1170 1757 1236 modb,
1785 1173 1831 1222 sed
1858 1171 1992 1237 &studijs
2021 1172 2070 1224 hoe
2098 1173 2178 1224 confi·

460 1269 556 1332 ,damus
575 1271 606 1318 iri
635 1271 822 1335 abprobatum:
851 1275 925 1320 tanta
954 1277 993 1320 est
1011 1271 1081 1321 illias
1100 1269 1123 1321 ds
1142 1277 1196 1322 tam
1224 1272 1375 1322 venerande
1403 1273 1556 1338 antiquitas.
1582 1271 1630 1321 hae
1648 1271 1717 1320 enlm
1736 1271 1918 1336 inscriptiones
1938 1271 2131 1336 antiquissimas
2150 1275 2179 1323 iu

464 1368 596 1417 calicibus
616 1367 803 1432 Btanainijstr
830 1367 983 1419 Baralidiuuo
1002 1385 1054 1420 vno
1082 1371 1237 1430 inaenimus,
1256 1385 1322 1435 quas
1340 1386 1372 1420 ex
1392 1370 1553 1436 fragmentis,
1582 1369 1642 1420 hinc
1661 1369 1816 1431 litterarum,
1844 1367 1917 1418 illine
1936 1368 2080 1420 dictionum
2108 1371 2179 1421 iuter

463 1481 491 1515 se
510 1467 615 1516 tandem
634 1482 732 1532 magna
751 1483 814 1516 cara
833 1483 1009 1516 connexarum
1033 1473 1128 1529 erutas,
1147 1467 1392 1533 hinsdecripsimus.
1412 1467 1548 1530 Nimirum,
1567 1466 1609 1518 Ad
1620 1467 1736 1517 Pettium.
1756 1465 1803 1531 (sic
1823 1466 1922 1516 habent
1940 1472 2054 1532 quatuor
2072 1467 2175 1518 codices

465 1563 558 1616 bland.
577 1563 599 1613 tr
618 1565 688 1616 Rusl.
708 1581 761 1614 non
781 1565 899 1623 Pedium,
919 1570 949 1615 vt
966 1568 1061 1631 passim
1081 1565 1194 1632 legitur.)
1213 1565 1363 1617 delmatia
1381 1583 1457 1631 pisam
1476 1567 1603 1633 dilipebnt,
1627 1564 1733 1630 Epodoa
1747 1565 1905 1632 elepiambs'ro
1923 1565 1978 1615 elue
1995 1565 2178 1631 depoiambr‘ca.

464 1662 586 1724 Rursum,
607 1663 639 1713 Ia
662 1663 809 1714 Gratidiam
828 1665 956 1714 mulierem
969 1663 1071 1730 soedcan
1088 1664 1298 1727 uelshdlhroeam,
1329 1663 1433 1729 Epodee
1456 1663 1574 1714 Heroiea.
1612 1663 1754 1719 Postremo.
1772 1662 1917 1714 Adomlcor
1931 1661 2051 1724 Geminos,
2072 1663 2179 1729 Epodoa

466 1759 613 1826 Irrmhelepa.
634 1761 706 1821 erae
720 1760 784 1811 aaut
802 1761 883 1810 verba
903 1764 940 1812 ita
958 1763 1071 1827 antiqua
1089 1769 1158 1824 sunt,
1176 1769 1205 1812 vt
1223 1763 1335 1812 arbitrer
1345 1761 1467 1826 deinceps
1481 1763 1571 1836 luturit
1581 1763 1720 1824 neminem,
1731 1760 1747 1810 ὲ
1758 1777 1809 1826 quo
1821 1763 1848 1810 in
1858 1761 1966 1811 dubium
1985 1763 2074 1812 vocari
2084 1765 2176 1828 possit,

464 1857 569 1922 Epodos
584 1873 616 1907 ue
630 1859 777 1908 Horatiana
796 1861 829 1908 ud
849 1861 958 1910 sormam
972 1861 1057 1926 Epodi
1068 1861 1216 1912 Pindarirae
1225 1860 1355 1926 exigenda
1364 1862 1406 1920 sit,
1415 1857 1500 1925 potibs
1510 1859 1589 1924 qurlm
1608 1859 1643 1908 ad
1653 1859 1852 1923 descriptionem
1864 1859 1997 1910 Diomedis
2010 1861 2178 1924 grammatici

465 1955 614 2006 doctissimi.
633 1958 727 2022 ltaque
746 1957 811 2008 nihil
830 1959 937 2014 vetabit.
951 1960 1013 2022 qaia
1028 1959 1088 2008 hinc
1106 1961 1208 2009 reiectis
1221 1959 1331 2008 odarum
1345 1960 1466 2020 numeris,
1485 1960 1512 2008 in
1526 1959 1566 2008 iae
1584 1973 1660 2007 suum
1676 1957 1794 2021 ἐπῳδοὺς
1807 1959 1981 2020 restituamus,
2001 1962 2080 2022 inque
2099 1974 2176 2008 suam

2038 2051 2139 2115 anilem

357 2309 382 2359 p.
402 2297 444 2346 20.
464 2297 563 2345 auitam
584 2300 768 2362 possessionem
788 2301 885 2348 reuerti
903 2300 1047 2360 iubeamus,
1062 2299 1129 2348 vnde
1143 2298 1204 2348 olim
1223 2297 1373 2347 hbarbaris
1386 2297 1640 2360 hominibua,pr‹2ter
1658 2299 1699 2346 ius
1718 2303 1744 2346 et
1762 2297 1976 2361 aequunr,eieette
1994 2299 2113 2362 turpiter,
2132 2313 2176 2346 ex-

465 2396 760 2459 termiuatse'qaet'uere,
779 2402 859 2461 atque
872 2397 1043 2446 inscribamus
1062 2397 1111 2447 hoc
1131 2396 1213 2457 modo,
1233 2395 1514 2446 Adblaecenutem
1534 2395 1594 2460 Epo
1602 2395 1657 2445 dos
1678 2395 1693 2444 J
1700 2393 1838 2458 ambita,
1856 2393 1905 2447 dec.
1925 2395 2001 2456 Quod
2018 2397 2046 2444 in
2064 2395 2177 2461 singulis

465 2494 553 2557 epodis
573 2493 667 2543 facturi
685 2510 774 2544 staurus
794 2511 846 2545 uou
864 2496 920 2544 siue
939 2497 1015 2545 certis
1034 2495 1092 2544 aliis
1110 2497 1137 2544 ia
1156 2499 1360 2544 commentatore
1378 2493 1488 2554 indiciis,
1508 2498 1624 2544 nostrum
1643 2492 1691 2542 hoc
1710 2497 1868 2558 argumentis
1887 2491 2108 2548 confirmantibus.

519 2633 568 2697 Za
590 2633 692 2722 Epod.
719 2637 787 2712 121
815 2634 915 2700 lautet
938 2635 989 2699 dic
1013 2634 1224 2720 Auumrkaag
1248 2633 1304 2696 des
1329 2632 1489 2720 Crnquius
1516 2633 1598 2696 1567
1625 2634 1709 2698 also:

359 2811 383 2860 p.
406 2799 462 2847 112.
626 2797 729 2848 diarria.
767 2799 851 2848 barris
870 2799 967 2849 habent
987 2804 1038 2848 tres
1057 2797 1138 2848 codic.
1165 2793 1306 2858 blaudinij.
1326 2801 1435 2859 quartus
1454 2801 1542 2845 statem
1571 2795 1658 2858 habet,
1678 2797 1727 2845 bar
1746 2797 1774 2857 is,
1793 2795 1837 2844 vbi
1869 2796 1956 2846 liturae
1974 2798 2087 2862 spatium
2106 2797 2176 2845 inter

465 2892 531 2943 alnas
549 2894 745 2959 illassyllabas,
766 2897 813 2946 bar
833 2899 862 2960 is,
882 2898 965 2946 maius
985 2901 1048 2954 erut,
1076 2895 1154 2960 qubm
1183 2910 1229 2959 pro
1259 2909 1311 2942 vna
1336 2893 1442 2944 literula
1460 2911 1481 2945 r.
1519 2893 1595 2955 Quod
1615 2894 1678 2944 mihi
1697 2897 1724 2944 in
1743 2909 1836 2944 sarissa
1855 2894 1912 2957 fuit,
1937 2899 1966 2944 vt
1983 2909 2173 2945 commonerem

466 2991 594 3055 lectorem,
614 2993 753 3059 legendum
775 3012 808 3045 ne
827 3002 894 3046 esset
913 2995 1012 3056 bardis,
1032 2990 1119 3060 potids
1146 2992 1225 3058 qubm
1244 2992 1341 3050 barris,
1372 2991 1398 3040 id
1426 2998 1464 3041 est
1495 2992 1652 3057 elephantis,
1680 2992 1750 3058 quod
1769 2993 1812 3042 bie
1833 2999 1912 3059 ueget
1931 2993 2056 3043 Horatius
2075 3007 2102 3042 se
2121 3007 2176 3040 esse

465 3091 551 3140 obesse
567 3093 637 3141 naris
656 3091 678 3141 b
697 3091 802 3143 minimd
820 3094 954 3160 stupidum
973 3095 1000 3143 ia
1027 3092 1162 3142 soetoribus
1182 3091 1387 3157 persentiscedie,
1416 3091 1507 3156 quales
1540 3097 1602 3140 sunt
1621 3091 1700 3141 Bardi
1720 3091 1846 3154 homines,
1874 3093 1969 3156 obtusi,
1987 3089 2017 3148 lu,
2035 3096 2064 3141 vt
2082 3089 2175 3140 scribit

466 3187 565 3250 Festum,
593 3189 664 3240 stulti
697 3207 713 3240 u
730 3192 855 3242 tarditate
874 3191 981 3258 ingenii,
1009 3193 1078 3256 quod
1107 3188 1227 3254 torpeo
1256 3189 1319 3238 dicit
1337 3187 1415 3251 trahi,
1442 3187 1487 3236 vbi
1506 3189 1575 3236 turdi
1594 3189 1698 3251 βράδεις
1718 3191 1894 3241 nominentur.
1933 3189 2036 3238 Deinde
2053 3186 2173 3238 Marcell.

465 3285 568 3346 bardus,
596 3289 688 3354 inquit,
719 3295 764 3346 est,
794 3293 821 3340 vi
848 3297 1016 3356 praepostera
1053 3289 1076 3340 d
1102 3290 1207 3352 ingenie
1227 3288 1328 3336 tardus:
1347 3285 1416 3334 Nam
1436 3285 1523 3335 Graeci
1551 3285 1640 3336 tardos
1659 3285 1763 3350 βράδεις
1783 3287 1863 3340 eliciat.
1911 3287 2022 3338 Plautus
2040 3287 2068 3336 in
2087 3286 2175 3337 Perse.

465 3383 547 3432 Nimis
565 3385 670 3434 tandem
690 3387 810 3452 equidem
834 3404 881 3454 pro
900 3386 1024 3438 barda&
1051 3404 1097 3454 pro
1116 3389 1213 3438 rustica
1241 3402 1300 3438 reor
1318 3386 1436 3435 habitam
1464 3401 1520 3435 esse
1547 3386 1647 3438 abste.
1677 3385 1738 3436 huie
1769 3387 1847 3435 etiam
1877 3385 1982 3435 lectioni
2013 3383 2174 3435 subscribere

464 3483 567 3533 videtur
585 3491 781 3549 commentator,
799 3493 903 3551 'praeter
931 3487 1010 3536 uliam
1035 3485 1058 3536 le
1085 3483 1223 3536 comunem
1253 3486 1477 3550 interpretationi,
1497 3485 1629 3548 iuquiens,
1656 3483 1705 3534 hoc
1725 3485 1764 3533 ait
1782 3483 1916 3546 Horatius,
1935 3483 2010 3548 quasi
2029 3482 2076 3532 illa
2095 3480 2172 3530 taleis

464 3580 559 3631 debeat
577 3595 695 3648 querere,
723 3587 769 3649 qui
796 3587 877 3634 crassi
895 3587 948 3635 sint
974 3583 1067 3634 &non
1086 3585 1236 3636 odorentur.
1294 3583 1370 3644 Quod
1389 3587 1478 3632 autem
1497 3583 1579 3647 nigris
1598 3581 1677 3642 dicat,
1696 3595 1760 3645 quos
1785 3571 1938 3646 elephantos
1957 3578 2119 3644 AEthiopicos
2140 3577 2172 3626 ob

464 3679 491 3728 id
509 3681 694 3745 interpretetur
712 3682 919 3745 commentator,
938 3683 987 3732 hoc
1009 3683 1144 3748 epitheton
1163 3685 1243 3732 etium
1261 3679 1377 3747 congrab
1395 3681 1534 3746 respondet
1552 3679 1579 3728 id
1607 3693 1690 3745 genus
1712 3677 1869 3738 hominibus,
1888 3677 1933 3742 qui
1951 3680 1980 3724 vt
2003 3690 2100 3741 magno
2122 3676 2175 3724 sint

464 3779 545 3827 enimi
564 3786 677 3844 stupore,
701 3782 739 3830 ita
767 3780 838 3832 nullo
856 3783 940 3833 nitore
960 3783 1081 3847 eorporis,
1099 3780 1172 3830 nulla
1192 3779 1322 3829 mundicie
1341 3779 1455 3844 gaudere
1473 3777 1565 3840 solent,
1594 3776 1639 3826 sed
1658 3772 1806 3825 inordinate
1825 3773 1933 3822 effrenes
1960 3771 2022 3822 ferri
2049 3773 2076 3821 in
2095 3770 2174 3820 obuia

466 3891 586 3942 quaeque,
606 3878 633 3926 in
652 3893 773 3927 venerem
792 3877 863 3928 certb
880 3879 1042 3934 validissimi.
1062 3881 1131 3930 vude
1149 3879 1172 3930 h
1191 3880 1288 3929 barrus
1306 3895 1409 3928 amaros
1427 3876 1485 3926 illos
1504 3881 1552 3928 etc.
1572 3901 1605 3910 —
1625 3875 1666 3940 (ut
1687 3874 1775 3939 1578).

519 4051 588 4116 Das
614 4054 696 4116 1611
722 4054 939 4140 ausgefalleue
961 4054 1110 4121 Scholion
1134 4078 1174 4119 nn
1198 4054 1277 4144 Epd.
1304 4053 1415 4137 1235:
1439 4051 1492 4137 Vt,
1516 4053 1597 4114 sieut
1631 4048 1732 4113 findet
1764 4049 1831 4113 sich
1853 4051 1885 4111 in
1909 4046 1972 4112 deu
1995 4045 2171 4132 Ausgaben

357 4189 423 4232 von
450 4168 531 4232 1567
557 4191 587 4232 u.
616 4171 709 4234 1578.

480 4325 483 4333 1
518 4283 641 4348 Ausser
664 4285 721 4349 der
742 4286 826 4350 oben
848 4286 1003 4350 notierteu
1027 4283 1237 4370 Aamerknug
1260 4309 1285 4348 z.
1309 4285 1412 4372 llpod.
1438 4283 1513 4368 2,43
1548 4281 1654 4347 l'ehlen
1682 4282 1762 4346 1561
1801 4281 1845 4344 im
1869 4277 2077 4344 commentar
2114 4275 2170 4342 dee

360 4397 519 4487 Cruquius
554 4401 720 4487 tolgeude:
765 4400 868 4488 Epod.
892 4401 982 4486 2,10
1018 4401 1110 4487 ,ultas
1143 4404 1273 4466 maritat
1309 4439 1351 4449 -
1385 4423 1495 4488 pressa
1530 4422 1600 4486 pur.
1635 4409 1695 4462 ete.
1731 4398 1821 4482 2,19
1870 4393 1925 4480 ,Vt
1967 4397 2084 4482 pendet
2129 4431 2171 4441 -

358 4515 481 4588 ἔμβολὰέ
506 4515 581 4598 233
606 4517 687 4601 ,libet
709 4521 810 4584 iacere
833 4519 930 4583 modb.
961 4516 1170 4604 bvoluptate
1200 4529 1232 4582 et
1254 4517 1436 4582 amoenitate
1460 4554 1502 4567 —-
1523 4526 1664 4590 serenate
1683 4515 1751 4578 etc?
1776 4515 1851 4599 2,58
1876 4529 1914 4603 ,et
1933 4515 2032 4602 praui
2051 4512 2171 4577 nataae

359 4667 400 4676 -
426 4629 500 4695 vide
523 4630 625 4720 Satyr.
655 4634 686 4697 4.
711 4632 764 4699 lib.
788 4632 826 4698 2’.
854 4633 903 4716 16,
927 4634 967 4696 ln.
1002 4631 1083 4717 ,vide
1118 4629 1324 4697 adnotatam
1349 4630 1433 4696 oden
1458 4633 1474 4693 1
1501 4628 1553 4694 lib.
1577 4630 1597 4692 2
1622 4629 1737 4716 (16112
1762 4628 1816 4694 lib.
1845 4629 1876 4717 l)
1893 4631 1971 4715 267
1988 4629 2172 4716 foenerator

359 4783 399 4791 —
425 4743 617 4812 Maecenate!
641 4747 703 4811 Die
727 4747 931 4835 Bemerkuag
953 4747 1055 4836 Epod.
1081 4747 1192 4832 11,18:
1218 4745 1294 4832 ,Aut
1319 4747 1390 4811 licet
1413 4747 1613 4834 interpretari
1644 4745 1786 4832 proprie3
1810 4743 1953 4808 dividere
1975 4742 2116 4808 tomenta
2138 4741 2170 4803 in

358 4873 483 4945 ventos,
506 4860 539 4926 id
564 4875 621 4947 est,
646 4862 800 4928 eiusmodi
832 4865 932 4928 verba
963 4867 1059 4928 missa
1081 4867 1185 4928 tacere
1217 4875 1249 4928 et
1282 4861 1444 4945 oblivisci,’
1475 4859 1575 4926 findet
1598 4860 1665 4924 sich
1687 4873 1794 4925 zuerst
1817 4863 1849 4924 iu
1872 4860 1935 4924 den
1949 4855 2117 4923 Addendis
2140 4877 2170 4920 a.

361 4975 456 5040 1578.
495 4976 558 5042 Die
581 4978 779 5044 zahlreichen
803 4978 1064 5065 Abweichungen
1087 4977 1144 5042 der
1167 4979 1408 5066 Interpunetion
1433 5000 1464 5042 u.
1490 4976 1725 5064 Orthographie
1747 4977 1907 5064 iihergehe
1930 4975 1990 5041 ich.

2345 5547 2356 5786 a
