4758 5906
1139 443 1179 506 13

408 658 644 744 Anderweitige
667 656 928 743 Abueichungen
952 655 1009 721 des
1034 655 1253 722 Commentars
1277 657 1308 721 in
1331 656 1388 722 der
1411 655 1566 743 Ausgabe
1589 679 1653 722 von
1679 656 1763 722 1573
1788 657 1859 722 sind
1895 653 2061 743 folgende:

513 775 568 828 Sat.
588 776 608 838 Ι,
630 778 719 840 1,108:
768 775 832 827 Illae
850 775 914 826 node
942 774 1004 842 abij.
1023 776 1164 825 reuertitur
1191 775 1318 825 Horatius
1346 775 1380 825 ad
1408 777 1493 840 primii
1513 774 1645 840 ἐρώτημα,
1673 773 1796 825 nimirdm
1824 777 1918 840 qusenri
1947 789 2009 824 vera
2039 771 2062 823 da

355 873 506 924 indubitata
538 888 618 923 causa
638 888 692 922 esse
711 873 779 937 posit
795 872 842 936 (ιιι
851 874 875 938 l)
894 874 1041 922 incestitiae
1068 873 1193 938 humane.
1231 889 1309 939 quam
1337 873 1416 924 tande
1445 873 1539 924 ostedit
1571 889 1626 924 esse
1654 874 1787 940 praecipui
1824 874 1944 926 auaritii.
1965 869 2061 923 nemoa’

353 975 703 1024 vtaaorur.-rari1est.
741 971 856 1032 Quartus
875 975 936 1020 aute
955 967 1193 1034 &antiquissimus
1212 971 1306 1024 Bland.
1325 973 1361 1022 sic
1381 971 1468 1033 habet,
1497 976 1541 1038 qai
1567 989 1638 1024 nemo
1668 979 1692 1023 ot
1720 990 1826 1023 auarus.
1855 969 1877 1022 t
1907 971 1957 1036 hec
1985 970 2061 1021 lectio

354 1069 422 1136 (meo
441 1070 520 1136 quide
538 1069 646 1135 iudicio)
660 1074 688 1118 vt
707 1070 896 1135 antiquissima,
915 1069 953 1118 ita
971 1065 994 1118 br
1012 1067 1155 1118 clarissima
1175 1074 1230 1122 est:
1250 1085 1311 1119 narn
1330 1067 1410 1134 quilm
1429 1085 1456 1119 se
1475 1070 1559 1119 redire
1578 1071 1617 1120 ait
1635 1068 1697 1119 illuc
1716 1070 1785 1120 trude
1803 1069 1876 1130 abiit,
1894 1065 1950 1118 tdm
1970 1067 2062 1118 eadem

355 1168 409 1218 fere
427 1168 509 1218 rerba
527 1169 630 1233 repetit.
669 1167 701 1217 ln
720 1166 793 1218 Carr.
807 1165 896 1216 codiee
914 1165 954 1228 τὸ,
973 1165 1026 1230 qui,
1045 1166 1151 1230 ponitur
1168 1180 1247 1230 supra
1265 1167 1304 1226 τὸ,
1323 1183 1363 1219 ac.
1382 1173 1481 1235 postea,
1500 1186 1529 1220 uc
1543 1169 1631 1234 polius
1647 1168 1739 1220 inridet.
1759 1167 1828 1234 quod
1846 1183 1899 1218 non
1919 1167 2010 1217 dubito
2028 1167 2063 1216 ab

354 1265 475 1330 imperito
493 1265 619 1316 scribario
637 1265 722 1329 positis
742 1278 797 1313 esse
815 1278 868 1314 non
886 1277 933 1313 suo
952 1262 1016 1315 loco.
1055 1262 1113 1312 lioc
1132 1264 1222 1328 itaque
1241 1269 1379 1330 argumeto
1397 1264 1526 1323 inductus,
1545 1265 1644 1329 curaui,
1663 1265 1701 1328 τὸ,
1721 1265 2063 1330 qui,apponedi1,vthaec

355 1365 389 1413 sit
407 1365 527 1415 sentitis.
565 1361 618 1424 Qui
645 1360 681 1424 fit,
707 1367 736 1410 vt
754 1377 830 1412 nemo
849 1361 917 1412 alius
935 1363 987 1410 ita·
1001 1377 1027 1410 se
1047 1361 1147 1426 probet,
1166 1361 1193 1410 id
1212 1368 1258 1424 est,
1285 1363 1335 1413 sibi
1362 1365 1390 1412 in
1418 1365 1549 1428 proposito
1576 1361 1688 1428 placeat,
1715 1367 1743 1411 vt
1774 1377 1889 1422 nuarus;
1920 1377 1996 1411 nemo
2025 1363 2063 1411 ita

356 1460 481 1520 tabescat,
500 1457 546 1511 lae.
565 1462 602 1510 ita
622 1464 650 1508 rt
668 1459 701 1510 ad
720 1458 837 1525 singulas
855 1459 959 1524 parteis,
978 1461 1053 1523 quasi
1072 1459 1124 1509 ἀπὸ
1147 1461 1246 1523 notrae,
1273 1462 1410 1510 reiteretur
1428 1460 1485 1510 hsec
1511 1461 1603 1512 oratio.
1631 1463 1674 1524 poi
1696 1459 1728 1525 fit
1748 1465 1771 1509 ιι
1790 1475 1859 1508 ιιιιι
1880 1465 1903 1508 ot
1922 1475 1981 1508 ιιι.
2001 1473 2062 1508 nam

356 1561 440 1610 omnis
458 1559 625 1608 ιιιόιιιιιιιι
644 1559 671 1607 ιι
690 1557 767 1607 rebus
786 1556 935 1608 mortalium
954 1555 1010 1606 vult
1039 1557 1172 1611 Horatius.
1191 1560 1265 1623 quasi
1294 1558 1374 1607 lolem
1394 1555 1415 1607 fe
1439 1559 1599 1623 scaturigine
1637 1572 1692 1606 esse
1720 1557 1868 1614 auaritiam,
1896 1557 1970 1604 iuxta
1996 1553 2062 1604 illud

358 1656 518 1722 Apollodori,
537 1654 610 1704 ἀλλὰ
630 1683 661 1691 -
681 1656 777 1706 omnia.
815 1655 892 1705 Hunc
911 1661 972 1705 eutr·
992 1655 1078 1706 locum
1098 1671 1145 1706 cur
1163 1658 1200 1706 ita
1220 1655 1355 1721 explicem,
1373 1661 1402 1705 vt
1420 1671 1540 1706 censeam
1554 1655 1665 1704 Ηιιιιιιι
1684 1655 1711 1702 ιι
1729 1653 1842 1702 ιιιιιιιῑι
1861 1666 1956 1717 ponere
1975 1656 2062 1700 cetera

356 1755 429 1818 vitia,
441 1756 549 1820 ipsemet
559 1753 623 1803 mihi
632 1759 725 1803 auctor
742 1757 788 1811 est,
807 1749 828 1802 e
847 1755 973 1818 interpres
992 1751 1026 1802 ad
1044 1750 1096 1802 fine
1115 1752 1240 1817 Epistolre
1259 1753 1285 1804 li.
1299 1754 1323 1804 2.
1346 1754 1380 1803 ad
1391 1753 1478 1814 Floru,
1489 1754 1617 1819 inquiens,
1630 1752 1688 1802 Non
1701 1768 1727 1802 es
1741 1779 1772 1789 -
1787 1753 1893 1816 auspice
1903 1749 2013 1802 Christo.
2028 1777 2060 1787 -

357 1855 413 1904 Das
430 1852 552 1919 folgende
570 1852 610 1902 bis
628 1852 664 1904 sio
675 1851 815 1918 festinanti
833 1849 897 1900 fehlt
919 1851 995 1911 1573,
1013 1848 1082 1898 auch
1101 1849 1143 1898 die
1162 1849 1251 1900 Notiz:
1280 1869 1309 1902 αι
1324 1852 1412 1916 potita
1429 1851 1481 1902 lae.
1493 1849 1587 1902 Bland.
1600 1851 1735 1915 antiquiss.
1745 1846 1835 1902 cod&
1853 1847 1899 1900 Sil.
1918 1847 2061 1898 hahentot

357 1952 414 2002 eod.
440 1950 458 2002 l.
480 1952 545 2003 113:
565 1952 600 2002 sie
612 1950 759 2017 festinanti.
779 1947 841 1996 dum
860 1947 974 2012 rapiidis
994 1947 1086 2012 opibus
1110 1945 1154 1996 dat
1173 1961 1269 1998 auarus
1288 1951 1375 2015 operi,
1394 1947 1422 1997 lit
1441 1955 1469 1998 rt
1487 1963 1571 1998 eoecoe
1596 1947 1657 1998 edat
1675 1949 1776 1998 catulos
1796 1947 1833 2012 (vt
1853 1949 1937 2012 aiunt)
1965 1948 2059 1996 necin

358 2048 446 2114 aliquo
464 2049 553 2113 vnqea
570 2051 618 2096 aut
635 2048 793 2112 acquiescat,
812 2051 858 2095 aut
878 2047 966 2096 auimo
984 2045 1137 2098 satisfaciat.
1175 2043 1224 2094 Die
1243 2045 1308 2096 Note
1332 2061 1364 2094 nu
1382 2045 1530 2111 locupletior
1550 2045 1624 2096 obstet
1642 2045 1707 2096 fehlt
1728 2048 1768 2098 73.

358 2145 413 2198 Sat.
433 2145 454 2206 l,
474 2147 496 2208 ι,
518 2147 548 2196 1:
568 2143 629 2194 talis
648 2149 716 2194 certe
736 2171 768 2180 ·-
790 2143 863 2209 Virg.
883 2142 949 2193 fehlt
969 2144 1009 2195 tt.

358 2271 391 2280 -
411 2245 469 2304 ,29ε
489 2259 598 2310 quaram
617 2243 755 2294 sobradel.
774 2241 826 2294 ti.
847 2257 868 2290 ι.
888 2239 905 2289 ι
923 2239 1132 2290 Commentators
1151 2237 1173 2288 h
1191 2241 1250 2290 aliis
1269 2241 1311 2291 liic
1330 2241 1461 2304 dissentio,
1489 2244 1535 2308 qui
1560 2245 1769 2292 commentantur
1801 2245 1899 2290 restem
1926 2237 2063 2288 subsutam

358 2354 410 2389 non
430 2339 577 2403 discrepare
596 2339 630 2388 ab
650 2339 747 2400 instita,
766 2340 841 2403 quasi
868 2337 932 2388 velit
959 2337 1085 2388 Horatius
1110 2336 1167 2388 haec
1196 2337 1319 2389 denotare
1347 2339 1415 2389 idern
1443 2354 1525 2406 genus
1553 2345 1660 2390 ornatus
1689 2337 1830 2400 muliebria,
1857 2335 1930 2402 putet,
1957 2341 2061 2386 tenuem

357 2435 491 2486 fasciolam
509 2437 566 2486 siue
584 2435 694 2486 limbum
713 2437 758 2502 qui
775 2434 869 2485 stolam
889 2434 1005 2502 ambiat;
1024 2434 1093 2498 quod
1113 2432 1182 2484 certe
1202 2436 1239 2485 ita
1264 2451 1318 2486 esse
1337 2439 1435 2502 nequit,
1454 2439 1492 2487 ait
1510 2439 1579 2488 enim
1607 2437 1732 2487 Horatius
1760 2436 1874 2484 institam
1903 2448 1963 2482 eum
1991 2438 2063 2482 veste

357 2532 466 2583 subsuta
498 2533 566 2583 talos
595 2539 692 2598 tegere.
731 2533 804 2582 Vnde
824 2530 933 2596 conijcio
952 2532 1069 2580 institam
1089 2545 1143 2580 esse
1162 2531 1263 2594 stolam,
1282 2534 1324 2582 oni
1342 2532 1459 2596 subsuta,
1478 2549 1525 2584 sen
1543 2539 1670 2599 praetextu
1690 2539 1746 2584 erat
1764 2533 1846 2583 fascia
1865 2533 1949 2582 tenuis
1969 2530 2063 2581 mollis-

359 2626 420 2694 q'ue
437 2645 484 2680 seu
502 2645 643 2696 purpurea,
662 2645 710 2681 nee
729 2630 831 2680 differre
849 2628 934 2690 aliter,
957 2628 1035 2695 quim
1055 2627 1124 2694 qubd
1149 2628 1261 2681 altorum
1280 2633 1313 2681 sit
1332 2631 1456 2682 Latinum
1475 2631 1510 2681 ab
1529 2631 1671 2682 institendo
1689 2645 1735 2681 seu
1753 2627 1927 2680 incumbendo
1946 2627 2063 2693 pedibus,

358 2726 470 2777 alterum
490 2726 620 2790 Graecum,
639 2727 691 2777 ἀπὸ
708 2726 923 2791 ,scintillatione
954 2726 1023 2792 quod
1043 2727 1161 2778 indutum
1191 2728 1225 2777 ad
1252 2728 1331 2794 pedes
1349 2745 1432 2795 usqne
1450 2730 1644 2792 demittebatur,
1662 2728 1704 2778 vel
1722 2730 1778 2794 ipso
1801 2729 1911 2778 Horatio
1929 2731 2002 2789 teste,
2020 2723 2064 2775 vbi

358 2824 449 2890 paulli)
467 2831 526 2891 post
544 2828 589 2888 ait,
609 2827 643 2876 ad
661 2825 729 2876 talos
747 2824 815 2876 stola
834 2825 954 2878 demissa.
992 2824 1040 2874 Cui
1059 2823 1165 2889 quidem
1184 2827 1321 2876 sententiae
1340 2827 1498 2892 astipulatur
1511 2827 1630 2895 Ouidius,
1651 2831 1673 2879 1.
1694 2825 1726 2876 de
1746 2832 1803 2876 arte
1820 2825 1927 2876 amandi
1945 2827 2064 2890 inquiens

359 2921 421 2970 Este
439 2922 529 2986 procul
552 2923 626 2972 vittae
645 2928 735 2972 tenues
754 2923 856 2987 insigne
874 2921 987 2986 pudoris,
1006 2919 1128 2987 quse'qus
1146 2924 1213 2989 tegis
1231 2923 1328 2974 medios
1347 2925 1436 2973 instita
1455 2923 1534 2990 longa
1553 2924 1637 2989 pedes.
1677 2952 1718 2986 -‚
1738 2925 1788 2974 86:
1808 2951 1839 2962 -—
1860 2923 1994 2974 ostendere
2012 2938 2065 2972 ιιιι

359 3025 398 3069 ιιι
416 3035 502 3084 operae
530 3021 659 3085 pretium:
685 3021 752 3071 Nam
779 3020 802 3068 si
820 3021 854 3070 sit
872 3019 936 3070 vtile
955 3025 1058 3084 opertos
1077 3036 1156 3086 equos
1174 3023 1310 3088 inspicere,
1328 3037 1381 3072 non
1400 3021 1493 3072 inutile
1513 3037 1615 3088 quoque
1634 3023 1683 3072 erit
1702 3021 1793 3087 decipi.
1813 3021 1996 3087 matronisque
2015 3025 2064 3070 ete.

359 3115 414 3166 Sat.
432 3118 453 3180 1,
472 3119 549 3180 3,14:
570 3117 616 3168 Est
634 3119 697 3184 itaq.
718 3123 780 3184 toga
799 3133 895 3182 crasso,
913 3125 976 3184 toga
995 3119 1096 3184 plebeia
1116 3118 1138 3169 lt
1156 3119 1231 3171 vilis:
1250 3121 1324 3169 cuius
1343 3125 1474 3168 texturam
1493 3124 1543 3171 etc.
1599 3145 1631 3156 -
1662 3121 1713 3172 ιιι
1750 3117 1879 3168 Henricus
1915 3117 2065 3183 Stephanus

360 3245 391 3254 -
413 3216 577 3272 cauillamur.
596 3217 662 3268 fehlt
679 3235 703 3268 a.
715 3219 757 3270 ts.
769 3245 798 3255 -
822 3221 872 3271 53:
891 3219 1068 3284 Hieronymus
1089 3247 1120 3256 —
1140 3218 1296 3285 gloriantur.
1316 3216 1381 3268 fehlt
1399 3233 1423 3270 a.
1437 3219 1477 3270 73.
1497 3245 1530 3254 -
1550 3219 1601 3268 6οι
1621 3225 1739 3268 versetur.
1759 3216 1881 3267 Bluudin.
1899 3217 1981 3266 codex
1999 3217 2065 3266 anti·

355 3317 438 3380 quies.
457 3316 545 3379 habet,
563 3333 698 3368 ceremur.
715 3317 770 3383 vgl.
789 3317 898 3368 hliitzell
915 3334 939 3371 a.
958 3333 982 3368 a.
1002 3317 1032 3368 0.
1051 3316 1078 3370 S.
1098 3319 1157 3369 856.

360 3413 381 3474 l,
402 3415 478 3475 5‚81:
498 3418 603 3463 suntet
624 3441 655 3451 -
675 3415 748 3478 δριμὺ
767 3414 832 3465 fehlt
851 3431 876 3468 a.
896 3419 939 3467 73.
959 3443 991 3452 —
1012 3415 1032 3474 l,
1053 3418 1110 3478 t,1:
1129 3413 1248 3480 Scaliger
1265 3415 1293 3463 in
1311 3415 1379 3463 uotis
1400 3439 1432 3450 -
1452 3413 1539 3477 legito.
1560 3411 1625 3462 fehlt
1644 3415 1685 3466 73.

356 3511 380 3574 Ι,
399 3513 475 3572 9,43:
495 3511 620 3564 Moeoertos
637 3513 760 3578 qrromodo
777 3521 862 3566 tecam.
882 3517 945 3580 agit,
964 3515 1051 3564 vicit?
1070 3512 1135 3564 fehlt
1153 3529 1178 3565 a.
1201 3515 1241 3565 73.

362 3637 393 3646 -
414 3611 447 3659 44
460 3625 466 3656 :
481 3627 623 3676 paucorum
642 3611 778 3662 bominem.
796 3627 872 3678 supp.
892 3613 976 3664 modo.
996 3614 1033 3662 ita
1052 3617 1081 3662 vt
1099 3613 1125 3661 in
1151 3611 1331 3676 interrogandi
1350 3609 1476 3660 aduerbio
1495 3608 1623 3674 quomodo,
1641 3611 1676 3659 sit
1691 3609 1776 3660 altera
1794 3625 1863 3676 pars,
1882 3611 1953 3676 putls,
1981 3612 2064 3672 modo,

360 3705 526 3756 nominaliter
543 3707 693 3776 repetenda,
711 3713 740 3757 vt
757 3723 848 3758 sensns
874 3711 916 3770 sit,
943 3725 974 3760 eo
992 3710 1068 3760 molo
1087 3723 1188 3759 mecum
1205 3711 1262 3774 agit
1274 3708 1413 3771 Maecenas,
1433 3722 1485 3771 quo
1505 3721 1565 3756 eum
1584 3707 1674 3756 amicis
1693 3708 1781 3757 viuere
1799 3707 1884 3758 solent
1911 3710 1960 3758 riri
1981 3711 2065 3773 pauci,

360 3804 490 3866 nimirum,
508 3804 559 3853 riri
578 3804 749 3854 mentisbene
762 3817 837 3869 sane.
868 3805 944 3866 Quod
956 3810 1043 3856 autem
1063 3807 1200 3872 respondet
1218 3805 1352 3870 Horatius,
1369 3819 1511 3870 paucorum
1540 3803 1682 3868 hominum,
1701 3803 1749 3855 hoe
1768 3803 1962 3857 commentator
1980 3804 2003 3856 ir
2020 3805 2066 3870 alii

360 3903 566 3966 interpretantur
584 3917 630 3967 per
647 3902 898 3953 subintelleetionem
911 3905 966 3966 roi,
988 3909 1033 3967 est,
1061 3904 1167 3968 perinde
1185 3919 1217 3953 sc
1229 3904 1251 3954 si
1264 3903 1346 3953 velint
1358 3903 1528 3952 Maecenatem
1541 3904 1617 3967 quasi
1630 3901 1765 3953 Timonem
1783 3903 1897 3968 aliquem
1916 3919 2068 3970 congressus

362 3998 495 4048 hominum
513 4000 611 4065 fugisse
630 3999 774 4066 odisseque,
793 3999 873 4066 quirin
893 4001 971 4052 fuerit
990 4001 1200 4064 humanissimus,
1219 3997 1374 4066 omnibusq'.
1393 4002 1457 4051 viris
1476 4000 1550 4051 bouis
1569 4016 1621 4051 non
1640 3999 1716 4050 modo
1735 3999 1958 4063 familiarissimus,
1977 4001 2067 4053 verbm

354 4098 414 4146 ,etta
433 4103 559 4161 patronus
577 4113 701 4160 summus,
724 4100 798 4148 iuxta
816 4097 891 4162 illud,
910 4099 968 4150 Sint
987 4100 1146 4164 hlpcenates,
1165 4116 1217 4150 ιιι
1236 4100 1345 4152 deerunt
1364 4098 1460 4149 Flacca
1478 4099 1608 4152 Marones.
1646 4099 1727 4164 Atqui
1746 4101 1811 4150 vixit
1830 4101 1905 4150 modo
1925 4116 2068 4165 paucorum

358 4195 502 4258 hominum,
521 4195 569 4246 hoc
589 4202 627 4247 est
661 4213 707 4262 per
725 4197 890 4262 ἐπιξήγηιιν,
918 4213 969 4262 quo
999 4198 1074 4248 modo
1105 4199 1199 4247 riuunt
1227 4196 1345 4248 homines
1372 4195 1438 4246 bene
1457 4212 1530 4246 saure
1554 4199 1665 4250 mentis:
1693 4197 1763 4263 quod
1781 4195 1804 4247 ιι
1822 4198 1947 4248 continui
1975 4199 2066 4249 subdit

361 4293 471 4356 inquies,
488 4294 548 4344 Nou
566 4297 616 4345 isto
634 4297 748 4346 visimus
767 4295 820 4346 illic
839 4311 891 4360 quo
910 4306 939 4345 ιι
958 4311 1014 4345 rere
1034 4296 1110 4346 modo
1129 4293 1174 4349 ιιι.
1193 4304 1215 4346 et
1235 4312 1297 4347 maa.
1316 4295 1347 4344 τό
1367 4292 1396 4354 fe,
1419 4297 1548 4360 accipitur
1568 4293 1773 4360 ἑπιξηγηιικῶς.
1804 4297 1969 4348 mamistrae
1988 4315 2065 4350 sono.

361 4405 420 4439 eum
439 4406 511 4440 sanae
531 4394 623 4442 mentis
641 4392 805 4458 appellamus
824 4395 870 4459 qui
887 4396 992 4460 sapiens
1011 4400 1068 4446 est:
1097 4395 1237 4443 sanitatem
1255 4397 1344 4442 autem
1363 4393 1509 4443 animorum
1539 4397 1695 4443 censuerunt
1713 4391 1860 4457 philosophi
1878 4396 1989 4458 positam
2014 4409 2070 4444 esse

363 4487 390 4535 in
409 4487 599 4552 tranquillitate
618 4486 640 4538 e
659 4491 815 4548 constantia,
837 4491 967 4540 insaniam
986 4495 1073 4540 nutem
1094 4491 1120 4538 in
1141 4488 1388 4554 perturbationibus,
1406 4491 1451 4554 qui
1466 4489 1549 4540 morbi
1567 4496 1628 4540 suut
1646 4489 1745 4540 animi:
1773 4504 1854 4554 quare
1873 4489 1922 4540 fuit
1940 4491 2072 4542 Maecenas

355 4601 434 4636 ¹saure
453 4587 553 4649 mentis,
572 4584 641 4650 qudd
658 4602 732 4637 mens
751 4589 807 4638 eius
826 4587 899 4638 nullo
918 4593 998 4651 motu,
1016 4589 1092 4652 quasi
1111 4585 1201 4636 morbo
1221 4587 1373 4652 perturbata
1386 4585 1443 4651 fuit,
1462 4589 1507 4636 eui
1525 4589 1604 4637 menti
1617 4602 1726 4653 regnum
1745 4589 1825 4638 totius
1844 4589 1925 4638 animi
1944 4587 2070 4640 duntura

362 4683 490 4733 tributum
509 4689 557 4750 est,
574 4689 640 4733 teste
659 4683 711 4738 Cic.
733 4687 760 4735 in
779 4686 884 4739 Tuscul.
905 4689 929 4739 3.
948 4702 1018 4736 aenio
1036 4684 1165 4736 dexterius
1185 4691 1233 4734 etc.

362 4781 384 4844 1,
405 4783 481 4840 10,ι9
501 4799 555 4833 oum
577 4782 653 4833 laada
673 4810 705 4819 -
724 4784 786 4834 inde
804 4799 936 4837 coronam.
954 4782 1019 4833 fehlt
1040 4785 1082 4834 73.

362 4877 397 4940 ΙΙ,
417 4879 493 4940 ι,60;
513 4878 556 4928 hic
575 4893 623 4944 ego
642 4878 781 4944 legendum
801 4897 894 4932 censeo
912 4881 1099 4944 aoroorpo'ptor,
1127 4895 1179 4929 non
1216 4893 1248 4929 ea
1275 4879 1345 4931 certe
1382 4877 1485 4930 tantdm
1522 4895 1581 4946 quae
1609 4887 1648 4932 etc
1650 4919 1787 4938 ......
1807 4885 1833 4932 ιι
1858 4897 1938 4934 unum
1965 4883 2075 4948 collatis,

363 4991 424 5041 quae
443 4975 542 5028 Graecis
561 4977 748 5041 ιιιιιτρόφιιι
767 4978 845 5042 dicta,
866 4979 908 5028 hio
933 4977 1178 5029 tCommentetore
1205 4978 1314 5029 fortasse
1332 4977 1520 5044 significantur,
1547 4981 1585 5028 ita
1604 4985 1631 5028 vt
1660 4979 1715 5032 loco
1743 4979 1762 5030 ι
1790 4980 1893 5044 litterar,
1920 4982 1954 5031 ab
1983 4985 2075 5049 ignaro

359 5076 462 5140 ,scripta
481 5076 515 5124 sit
534 5075 558 5126 d.
579 5075 665 5126 littera
686 5075 785 5126 latina:
804 5076 855 5126 huc
874 5077 938 5126 fecit
956 5113 963 5128 .
983 5114 989 5126 .
1010 5113 1016 5126 .
1036 5114 1042 5127 .
1166 5103 1198 5114 -
1221 5079 1289 5130 113:
1303 5077 1380 5128 lotias
1399 5103 1432 5114 -
1452 5076 1557 5130 iudicio.
1577 5076 1641 5128 fehlt
1662 5079 1701 5128 ta.
